<?xml version="1.0" encoding="UTF-8"?>
<collection xmlns="http://www.loc.gov/MARC21/slim">
 <record>
  <leader>01994cam a2200409Ia 4500</leader>
  <controlfield tag="001">7798831</controlfield>
  <controlfield tag="005">20091001100800.0</controlfield>
  <controlfield tag="006">m        d        </controlfield>
  <controlfield tag="007">cr |||||||||||</controlfield>
  <controlfield tag="008">091001s1994    iluaf   sb    000 0 eng c</controlfield>
  <datafield tag="020" ind1=" " ind2=" ">
   <subfield code="a">091898694X</subfield>
  </datafield>
  <datafield tag="020" ind1=" " ind2=" ">
   <subfield code="a">9780918986948</subfield>
  </datafield>
  <datafield tag="035" ind1=" " ind2=" ">
   <subfield code="a">(OCoLC)443109688</subfield>
  </datafield>
  <datafield tag="040" ind1=" " ind2=" ">
   <subfield code="a">CGU</subfield>
   <subfield code="c">CGU</subfield>
  </datafield>
  <datafield tag="041" ind1="1" ind2=" ">
   <subfield code="a">eng</subfield>
   <subfield code="a">egy</subfield>
  </datafield>
  <datafield tag="043" ind1=" " ind2=" ">
   <subfield code="a">f-ua---</subfield>
  </datafield>
  <datafield tag="049" ind1=" " ind2=" ">
   <subfield code="a">CGUA</subfield>
  </datafield>
  <datafield tag="245" ind1="0" ind2="4">
   <subfield code="a">The Festival procession of Opet in the colonnade hall</subfield>
   <subfield code="h">[electronic resource] /</subfield>
   <subfield code="c">with translations of texts, commentary, and glossary by the Epigraphic Survey.</subfield>
  </datafield>
  <datafield tag="260" ind1=" " ind2=" ">
   <subfield code="a">Chicago :</subfield>
   <subfield code="b">Oriental Institute of the University of Chicago,</subfield>
   <subfield code="c">1994.</subfield>
  </datafield>
  <datafield tag="300" ind1=" " ind2=" ">
   <subfield code="a">1 online resource (xxv, 60 p., 128 p. of plates :</subfield>
   <subfield code="b">ill. (some folded))</subfield>
  </datafield>
  <datafield tag="490" ind1="1" ind2=" ">
   <subfield code="a">University of Chicago Oriental Institute publications</subfield>
   <subfield code="v">v. 112</subfield>
  </datafield>
  <datafield tag="490" ind1="1" ind2=" ">
   <subfield code="a">Reliefs and inscriptions at Luxor Temple</subfield>
   <subfield code="v">v. 1</subfield>
  </datafield>
  <datafield tag="500" ind1=" " ind2=" ">
   <subfield code="a">Description based on print version record.</subfield>
  </datafield>
  <datafield tag="504" ind1=" " ind2=" ">
   <subfield code="a">Includes bibliographical references.</subfield>
  </datafield>
  <datafield tag="610" ind1="2" ind2="0">
   <subfield code="a">Temple of Luxor (Luxor, Egypt)</subfield>
  </datafield>
  <datafield tag="650" ind1=" " ind2="0">
   <subfield code="a">Relief (Sculpture)</subfield>
   <subfield code="z">Egypt</subfield>
   <subfield code="z">Luxor.</subfield>
  </datafield>
  <datafield tag="650" ind1=" " ind2="0">
   <subfield code="a">Inscriptions, Egyptian</subfield>
   <subfield code="z">Egypt</subfield>
   <subfield code="z">Luxor.</subfield>
  </datafield>
  <datafield tag="610" ind1="2" ind2="7">
   <subfield code="a">Temple of Luxor (Luxor, Egypt)</subfield>
   <subfield code="2">fast</subfield>
   <subfield code="0">http://id.worldcat.org/fast/fst00688627</subfield>
  </datafield>
  <datafield tag="650" ind1=" " ind2="7">
   <subfield code="a">Inscriptions, Egyptian.</subfield>
   <subfield code="2">fast</subfield>
   <subfield code="0">http://id.worldcat.org/fast/fst01199431</subfield>
  </datafield>
  <datafield tag="650" ind1=" " ind2="7">
   <subfield code="a">Relief (Sculpture)</subfield>
   <subfield code="2">fast</subfield>
   <subfield code="0">http://id.worldcat.org/fast/fst01093678</subfield>
  </datafield>
  <datafield tag="651" ind1=" " ind2="7">
   <subfield code="a">Egypt</subfield>
   <subfield code="z">Luxor.</subfield>
   <subfield code="2">fast</subfield>
   <subfield code="0">http://id.worldcat.org/fast/fst01226243</subfield>
  </datafield>
  <datafield tag="710" ind1="2" ind2=" ">
   <subfield code="a">University of Chicago.</subfield>
   <subfield code="b">Oriental Institute.</subfield>
   <subfield code="b">Epigraphic Survey.</subfield>
  </datafield>
  <datafield tag="776" ind1="0" ind2="8">
   <subfield code="i">Print version:</subfield>
   <subfield code="t">Festival procession of Opet in the colonnade hall</subfield>
   <subfield code="z">091898694X</subfield>
   <subfield code="w">(DLC) 93085923</subfield>
   <subfield code="w">(OCoLC)31370398</subfield>
   <subfield code="w">(ICU)1676926</subfield>
  </datafield>
  <datafield tag="830" ind1=" " ind2="0">
   <subfield code="a">University of Chicago Oriental Institute publications</subfield>
   <subfield code="v">v. 112</subfield>
  </datafield>
  <datafield tag="830" ind1=" " ind2="0">
   <subfield code="a">Reliefs and inscriptions at Luxor Temple</subfield>
   <subfield code="v">v. 1</subfield>
  </datafield>
  <datafield tag="856" ind1="4" ind2="0">
   <subfield code="u">http://oi.uchicago.edu/research/pubs/catalog/oip/oip112.html</subfield>
  </datafield>
  <datafield tag="928" ind1=" " ind2=" ">
   <subfield code="u">http://oi.uchicago.edu/research/pubs/catalog/oip/oip112.html</subfield>
   <subfield code="c">FullText</subfield>
   <subfield code="l">Online</subfield>
  </datafield>
 </record>
</collection>
